<record xmlns="http://www.loc.gov/MARC21/slim" xmlns:xsi="http://www.w3.org/2001/XMLSchema-instance" xsi:schemaLocation="http://www.loc.gov/MARC21/slim http://www.loc.gov/standards/marcxml/schema/MARC21slim.xsd"><leader>     nam a22        4500</leader><controlfield tag="001">3071248</controlfield><controlfield tag="003">NNC</controlfield><controlfield tag="006">m        d        </controlfield><controlfield tag="007">cr cn |||m|||a</controlfield><controlfield tag="008">150313s1911    tu      od    000 0 arard</controlfield><datafield ind1=" " ind2=" " tag="040"><subfield code="a">NNU</subfield><subfield code="b">eng</subfield><subfield code="e">rda</subfield><subfield code="c">NNU</subfield></datafield><datafield ind1=" " ind2="4" tag="050"><subfield code="a">PJ6620</subfield><subfield code="b">.J95 1911</subfield></datafield><datafield ind1="1" ind2=" " tag="100"><subfield code="6">880-01</subfield><subfield code="a">Jurja&#772;ni&#772;, &#699;Ali&#772; ibn Muh&#803;ammad,</subfield><subfield code="c">al-Sayyid al-Shari&#772;f,</subfield><subfield code="d">1340-1413.</subfield></datafield><datafield ind1="1" ind2="0" tag="245"><subfield code="6">880-02</subfield><subfield code="a">Ta&#699;ri&#772;fa&#772;t Sayyid Shari&#772;f.</subfield></datafield><datafield ind1=" " ind2=" " tag="260"><subfield code="6">880-03</subfield><subfield code="a">Ist&#803;anbu&#772;l :</subfield><subfield code="b">Mat&#803;ba&#699;ah-&#697;i Ah&#803;mad Ka&#772;mil,</subfield><subfield code="c">1327 [i.e. 1329] [1911]</subfield></datafield><datafield ind1=" " ind2=" " tag="300"><subfield code="a">online resource (187, 2 pages)</subfield></datafield><datafield ind1=" " ind2=" " tag="336"><subfield code="a">text</subfield><subfield code="2">rdacontent</subfield></datafield><datafield ind1=" " ind2=" " tag="337"><subfield code="a">computer</subfield><subfield code="2">rdamedia</subfield></datafield><datafield ind1=" " ind2=" " tag="338"><subfield code="a">online resource</subfield><subfield code="2">rdacarrier</subfield></datafield><datafield ind1=" " ind2=" " tag="500"><subfield code="a">On margin: Mutammima&#772;t Ta&#699;ri&#772;fa&#772;t.</subfield></datafield><datafield ind1=" " ind2=" " tag="500"><subfield code="a">Supplemented by: Is&#803;t&#803;ila&#772;h&#803;a&#772;t al-S&#803;u&#772;fi&#772;yah al-wa&#772;ridah fi&#772; al-Futu&#772;h&#803;a&#772;t al-Makki&#772;yah (p. 176-187).</subfield></datafield><datafield ind1=" " ind2=" " tag="500"><subfield code="a">Part of the Arabic Collections Online (ACO) project, contributed by Columbia University Libraries.</subfield></datafield><datafield ind1=" " ind2=" " tag="533"><subfield code="a">Electronic reproduction.</subfield><subfield code="b">New York, N.Y. :</subfield><subfield code="c">New York University,</subfield><subfield code="d">2015.</subfield><subfield code="5">NNU</subfield></datafield><datafield ind1=" " ind2="0" tag="650"><subfield code="a">Arabic language</subfield><subfield code="v">Dictionaries.</subfield></datafield><datafield ind1=" " ind2="0" tag="650"><subfield code="a">Sufism</subfield><subfield code="v">Dictionaries.</subfield></datafield><datafield ind1=" " ind2="7" tag="650"><subfield code="a">Arabic language.</subfield><subfield code="2">fast</subfield><subfield code="0">(OCoLC)fst00812287</subfield></datafield><datafield ind1=" " ind2="7" tag="650"><subfield code="a">Sufism.</subfield><subfield code="2">fast</subfield><subfield code="0">(OCoLC)fst01137257</subfield></datafield><datafield ind1=" " ind2="7" tag="655"><subfield code="a">Dictionaries.</subfield><subfield code="2">fast</subfield><subfield code="0">(OCoLC)fst01423826</subfield></datafield><datafield ind1="0" ind2=" " tag="700"><subfield code="6">880-04</subfield><subfield code="a">Ibn al-&#699;Arabi&#772;,</subfield><subfield code="d">1165-1240.</subfield></datafield><datafield ind1="2" ind2=" " tag="710"><subfield code="a">Columbia University.</subfield><subfield code="b">Libraries.</subfield></datafield><datafield ind1="0" ind2=" " tag="730"><subfield code="a">Arabic Collections Online.</subfield></datafield><datafield ind1="0" ind2="8" tag="776"><subfield code="i">Print version:</subfield><subfield code="a">Jurja&#772;ni&#772;, &#699;Ali&#772; ibn Muh&#803;ammad, al-Sayyid al-Shari&#772;f, 1340-1413.</subfield><subfield code="t">Ta&#699;ri&#772;fa&#772;t Sayyid Shari&#772;f</subfield><subfield code="w">(NNC)3071248</subfield><subfield code="w">(OCoLC)15743128</subfield></datafield><datafield ind1="4" ind2="0" tag="856"><subfield code="u">http://hdl.handle.net/2333.1/9kd51fj4</subfield></datafield><datafield ind1="1" ind2=" " tag="880"><subfield code="6">100-01/r</subfield><subfield code="a">&#1580;&#1585;&#1580;&#1575;&#1606;&#1610;&#1548; &#1593;&#1604;&#1610; &#1576;&#1606; &#1605;&#1581;&#1605;&#1583;&#1548;</subfield><subfield code="c">&#1575;&#1604;&#1587;&#1610;&#1583; &#1575;&#1604;&#1588;&#1585;&#1610;&#1601;&#1548;,</subfield><subfield code="d">1340-1413.</subfield></datafield><datafield ind1="1" ind2="0" tag="880"><subfield code="6">245-02/r</subfield><subfield code="a">&#1578;&#1593;&#1585;&#1610;&#1601;&#1575;&#1578; &#1587;&#1610;&#1583; &#1588;&#1585;&#1610;&#1601;.</subfield></datafield><datafield ind1=" " ind2=" " tag="880"><subfield code="6">260-03/r</subfield><subfield code="a">&#1575;&#1587;&#1591;&#1606;&#1576;&#1608;&#1604; :</subfield><subfield code="b">&#1605;&#1591;&#1576;&#1593;&#1607; &#1575;&#1581;&#1605;&#1583; &#1603;&#1575;&#1605;&#1604;&#1548;</subfield><subfield code="c">1327 [i.e. 1329] [1911]</subfield></datafield><datafield ind1="0" ind2=" " tag="880"><subfield code="6">700-04/r</subfield><subfield code="a">&#1575;&#1576;&#1606; &#1575;&#1604;&#1593;&#1585;&#1576;&#1610;&#1548;,</subfield><subfield code="d">1165-1240.</subfield></datafield><datafield ind1=" " ind2=" " tag="959"><subfield code="a">NNU</subfield><subfield code="b">WEB</subfield><subfield code="c">GENI</subfield><subfield code="t">0</subfield><subfield code="m">Electronic access</subfield><subfield code="s">01</subfield></datafield><datafield ind1=" " ind2=" " tag="999"><subfield code="i">NNC_3071248</subfield><subfield code="o">(OCoLC)ocm15743128 </subfield><subfield code="s">columbia_aco000587</subfield></datafield></record>